@ARTICLE{2021AA...646A.135R,
       author = {{Rajpurohit}, K. and {Brunetti}, G. and {Bonafede}, A. and {van Weeren}, R.~J. and {Botteon}, A. and {Vazza}, F. and {Hoeft}, M. and {Riseley}, C.~J. and {Bonnassieux}, E. and {Brienza}, M. and {Forman}, W.~R. and {R{\"o}ttgering}, H.~J.~A. and {Rajpurohit}, A.~S. and {Locatelli}, N. and {Shimwell}, T.~W. and {Cassano}, R. and {Di Gennaro}, G. and {Br{\"u}ggen}, M. and {Wittor}, D. and {Drabent}, A. and {Ignesti}, A.},
        title = "{Physical insights from the spectrum of the radio halo in MACS J0717.5+3745}",
      journal = {\aap},
     keywords = {galaxies: clusters: general, galaxies: clusters: individual: MACS J0717.5+3745, acceleration of particles, galaxies: clusters: intracluster medium, magnetic fields, turbulence, Astrophysics - Astrophysics of Galaxies, Astrophysics - Cosmology and Nongalactic Astrophysics},
         year = 2021,
        month = feb,
       volume = {646},
          eid = {A135},
        pages = {A135},
          doi = {10.1051/0004-6361/202039591},
archivePrefix = {arXiv},
       eprint = {2012.14373},
 primaryClass = {astro-ph.GA},
       adsurl = {https://ui.adsabs.harvard.edu/abs/2021A&A...646A.135R},
      adsnote = {Provided by the SAO/NASA Astrophysics Data System}
}

@ARTICLE{2022AA...658A..10B,
	author = {{Bonnassieux}, Etienne and {Sweijen}, Frits and {Brienza}, Marisa and {Rajpurohit}, Kamlesh and {John Riseley}, Christopher and {Bonafede}, Annalisa and {Jackson}, Neal and {Morabito}, Leah K. and {Brunetti}, Gianfranco and {Harwood}, Jeremy and {Kappes}, Alex and {Rottgering}, Huub J. and {Tasse}, Cyril and {van Weeren}, Reinout},
	title = "{Spectral analysis of spatially resolved 3C295 (sub-arcsecond resolution) with the International LOFAR Telescope}",
	journal = {\aap},
	keywords = {instrumentation: high angular resolution, methods: observational, instrumentation: interferometers, radio continuum: galaxies, galaxies: individual: 3C295, Astrophysics - Astrophysics of Galaxies},
	year = 2022,
	month = feb,
	volume = {658},
	eid = {A10},
	pages = {A10},
	doi = {10.1051/0004-6361/202141731},
	archivePrefix = {arXiv},
	eprint = {2108.07294},
	primaryClass = {astro-ph.GA},
	adsurl = {https://ui.adsabs.harvard.edu/abs/2022A&A...658A..10B},
	adsnote = {Provided by the SAO/NASA Astrophysics Data System}
}



@ARTICLE{2022AA...657A...2R,
	author = {{Rajpurohit}, K. and {Hoeft}, M. and {Wittor}, D. and {van Weeren}, R.~J. and {Vazza}, F. and {Rudnick}, L. and {Rajpurohit}, S. and {Forman}, W.~R. and {Riseley}, C.~J. and {Brienza}, M. and {Bonafede}, A. and {Rajpurohit}, A.~S. and {Dom{\'\i}nguez-Fern{\'a}ndez}, P. and {Eilek}, J. and {Bonnassieux}, E. and {Br{\"u}ggen}, M. and {Loi}, F. and {R{\"o}ttgering}, H.~J.~A. and {Drabent}, A. and {Locatelli}, N. and {Botteon}, A. and {Brunetti}, G. and {Clarke}, T.~E.},
	title = "{Turbulent magnetic fields in the merging galaxy cluster MACS J0717.5+3745}",
	journal = {\aap},
	keywords = {galaxies: clusters: general, radiation mechanisms: non-thermal, polarization, acceleration of particles, magnetic fields, large-scale structure of Universe, Astrophysics - Cosmology and Nongalactic Astrophysics},
	year = 2022,
	month = jan,
	volume = {657},
	eid = {A2},
	pages = {A2},
	doi = {10.1051/0004-6361/202142340},
	archivePrefix = {arXiv},
	eprint = {2109.15237},
	primaryClass = {astro-ph.CO},
	adsurl = {https://ui.adsabs.harvard.edu/abs/2022A&A...657A...2R},
	adsnote = {Provided by the SAO/NASA Astrophysics Data System}
}


@ARTICLE{2024AA...686A..44R,
	author = {{Riseley}, C.~J. and {Bonafede}, A. and {Bruno}, L. and {Botteon}, A. and {Rossetti}, M. and {Biava}, N. and {Bonnassieux}, E. and {Loi}, F. and {Vernstrom}, T. and {Balboni}, M.},
	title = "{A ``MeerKAT-meets-LOFAR'' study of the complex multi-component (mini-)halo in the extreme sloshing cluster Abell 2142}",
	journal = {\aap},
	keywords = {galaxies: clusters: general, galaxies: clusters: intracluster medium, galaxies: clusters: individual: Abell 2142, radio continuum: general, Astrophysics - Cosmology and Nongalactic Astrophysics},
	year = 2024,
	month = jun,
	volume = {686},
	eid = {A44},
	pages = {A44},
	doi = {10.1051/0004-6361/202348944},
	archivePrefix = {arXiv},
	eprint = {2403.00414},
	primaryClass = {astro-ph.CO},
	adsurl = {https://ui.adsabs.harvard.edu/abs/2024A&A...686A..44R},
	adsnote = {Provided by the SAO/NASA Astrophysics Data System}
}

@INPROCEEDINGS{2024ASPC..535..397T,
	author = {{Taffoni}, G. and {Becciani}, U. and {Bonafede}, A. and {Bonnassieux}, E. and {Brunetti}, G. and {Brienza}, M. and {Gheller}, C. and {Russo}, S.~A. and {Vitello}, F.},
	title = "{A distributed computing infrastructure for LOFAR Italian community}",
	booktitle = {Astronomical Society of the Pacific Conference Series},
	year = 2024,
	editor = {{Hugo}, B.~V. and {Van Rooyen}, R. and {Smirnov}, O.~M.},
	series = {Astronomical Society of the Pacific Conference Series},
	volume = {535},
	month = may,
	pages = {397},
	adsurl = {https://ui.adsabs.harvard.edu/abs/2024ASPC..535..397T},
	adsnote = {Provided by the SAO/NASA Astrophysics Data System}
}

@ARTICLE{2023arXiv231110056K,
	author = {{Kadler}, M. and {Riechers}, D.~A. and {Agarwal}, J. and {Baczko}, A. -K. and {Beuther}, H. and {Bigiel}, F. and {Birnstiel}, T. and {Boccardi}, B. and {Bomans}, D.~J. and {Boogaard}, L. and {Braun}, T.~T. and {Britzen}, S. and {Br{\"u}ggen}, M. and {Brunthaler}, A. and {Caselli}, P. and {Els{\"a}sser}, D. and {von Fellenberg}, S. and {Flock}, M. and {Fromm}, C.~M. and {Fuhrmann}, L. and {Hartogh}, P. and {Hoeft}, M. and {Keenan}, R.~P. and {Kovalev}, Y. and {Kreckel}, K. and {Livingston}, J. and {Lobanov}, A.~P. and {M{\"u}ller}, H. and {Ros}, E. and {Schilke}, P. and {De Simone}, M. and {Spitler}, L. and {Ueda}, T. and {Vardoulaki}, E. and {Vegetti}, S. and {Weis}, K. and {Wendel}, C. and {Xu}, M.~H. and {Zhao}, G. -Y. and {Albrecht}, M. and {Basu}, A. and {Becker Tjus}, J. and {Bernhart}, S. and {Blum}, J. and {Bonnassieux}, E. and {Bredendiek}, C. and {van Delden}, M. and {Di Gennaro}, G. and {Enders}, A. and {Eppel}, F. and {Hase}, H. and {Hoang}, D. and {Hugentobler}, U. and {Kaasinen}, M. and {Krupp}, N. and {Kun}, E. and {Laubach}, M. and {Lin}, Y. and {Mannheim}, K. and {Menten}, K.~M. and {Perkuhn}, R. and {Pohl}, N. and {Powell}, D.~M. and {Rezzolla}, L. and {Ricci}, L. and {Schinnerer}, E. and {Schmidt}, K. and {Sch{\"o}pfel}, J. and {Stanko}, S. and {Stein}, M. and {Sulzenauer}, N. and {Taziaux}, S. and {Tursunov}, A. and {Walter}, F. and {Weiss}, A. and {Witzel}, G. and {Wolf}, S. and {Zensus}, J.~A. and {Mus}, A. and {Toth}, L.~V. and {Alberdi}, A. and {Benisty}, M. and {Cox}, P. and {Guirado}, J.~C. and {Johnson}, M.~D. and {Juvela}, M. and {Neeleman}, M. and {Pashchenko}, I.~N. and {P{\'e}rez Torres}, M.~A. and {Perraut}, K. and {Zajacek}, M.},
	title = "{A Collection of German Science Interests in the Next Generation Very Large Array}",
	journal = {arXiv e-prints},
	keywords = {Astrophysics - Instrumentation and Methods for Astrophysics, Astrophysics - Cosmology and Nongalactic Astrophysics, Astrophysics - Earth and Planetary Astrophysics, Astrophysics - Astrophysics of Galaxies, Astrophysics - High Energy Astrophysical Phenomena, Astrophysics - Solar and Stellar Astrophysics},
	year = 2023,
	month = nov,
	eid = {arXiv:2311.10056},
	pages = {arXiv:2311.10056},
	doi = {10.48550/arXiv.2311.10056},
	archivePrefix = {arXiv},
	eprint = {2311.10056},
	primaryClass = {astro-ph.IM},
	adsurl = {https://ui.adsabs.harvard.edu/abs/2023arXiv231110056K},
	adsnote = {Provided by the SAO/NASA Astrophysics Data System}
}

@ARTICLE{2023MNRAS.524.6052R,
	author = {{Riseley}, C.~J. and {Biava}, N. and {Lusetti}, G. and {Bonafede}, A. and {Bonnassieux}, E. and {Botteon}, A. and {Loi}, F. and {Brunetti}, G. and {Cassano}, R. and {Osinga}, E. and {Rajpurohit}, K. and {R{\"o}ttgering}, H.~J.~A. and {Shimwell}, T. and {Timmerman}, R. and {van Weeren}, R.~J.},
	title = "{A MeerKAT-meets-LOFAR study of Abell 1413: a moderately disturbed non-cool-core cluster hosting a 500 kpc 'mini'-halo}",
	journal = {\mnras},
	keywords = {galaxies: clusters: general, galaxies: clusters: individual: Abell 1413, galaxies: clusters: intracluster medium, radio continuum: general, X-rays: galaxies: clusters, Astrophysics - Astrophysics of Galaxies},
	year = 2023,
	month = oct,
	volume = {524},
	number = {4},
	pages = {6052-6070},
	doi = {10.1093/mnras/stad2218},
	archivePrefix = {arXiv},
	eprint = {2308.01464},
	primaryClass = {astro-ph.GA},
	adsurl = {https://ui.adsabs.harvard.edu/abs/2023MNRAS.524.6052R},
	adsnote = {Provided by the SAO/NASA Astrophysics Data System}
}





@ARTICLE{2021AA...646A..56R,
       author = {{Rajpurohit}, K. and {Wittor}, D. and {van Weeren}, R.~J. and {Vazza}, F. and {Hoeft}, M. and {Rudnick}, L. and {Locatelli}, N. and {Eilek}, J. and {Forman}, W.~R. and {Bonafede}, A. and {Bonnassieux}, E. and {Riseley}, C.~J. and {Brienza}, M. and {Brunetti}, G. and {Br{\"u}ggen}, M. and {Loi}, F. and {Rajpurohit}, A.~S. and {R{\"o}ttgering}, H.~J.~A. and {Botteon}, A. and {Clarke}, T.~E. and {Drabent}, A. and {Dom{\'\i}nguez-Fern{\'a}ndez}, P. and {Di Gennaro}, G. and {Gastaldello}, F.},
        title = "{Understanding the radio relic emission in the galaxy cluster MACS J0717.5+3745: Spectral analysis}",
      journal = {\aap},
     keywords = {galaxies: clusters: individual: MACS J0717.5+3745, galaxies: clusters: intracluster medium, acceleration of particles, magnetic fields, radiation mechanisms: non-thermal, large-scale structure of Universe, Astrophysics - Astrophysics of Galaxies, Astrophysics - Cosmology and Nongalactic Astrophysics},
         year = 2021,
        month = feb,
       volume = {646},
          eid = {A56},
        pages = {A56},
          doi = {10.1051/0004-6361/202039428},
archivePrefix = {arXiv},
       eprint = {2011.14436},
 primaryClass = {astro-ph.GA},
       adsurl = {https://ui.adsabs.harvard.edu/abs/2021A&A...646A..56R},
      adsnote = {Provided by the SAO/NASA Astrophysics Data System}
}

@ARTICLE{2021ApJ...907...32B,
       author = {{Bonafede}, A. and {Brunetti}, G. and {Vazza}, F. and {Simionescu}, A. and {Giovannini}, G. and {Bonnassieux}, E. and {Shimwell}, T.~W. and {Br{\"u}ggen}, M. and {van Weeren}, R.~J. and {Botteon}, A. and {Brienza}, M. and {Cassano}, R. and {Drabent}, A. and {Feretti}, L. and {de Gasperin}, F. and {Gastaldello}, F. and {di Gennaro}, G. and {Rossetti}, M. and {Rottgering}, H.~J.~A. and {Stuardi}, C. and {Venturi}, T.},
        title = "{The Coma Cluster at LOw Frequency ARray Frequencies. I. Insights into Particle Acceleration Mechanisms in the Radio Bridge}",
      journal = {\apj},
     keywords = {Galaxy clusters, Coma Cluster, Intracluster medium, Intergalactic medium, Radio continuum emission, Extragalactic magnetic fields, Plasma astrophysics, 584, 270, 858, 813, 1340, 507, 1261, Astrophysics - Cosmology and Nongalactic Astrophysics, Astrophysics - High Energy Astrophysical Phenomena},
         year = 2021,
        month = jan,
       volume = {907},
       number = {1},
          eid = {32},
        pages = {32},
          doi = {10.3847/1538-4357/abcb8f},
archivePrefix = {arXiv},
       eprint = {2011.08856},
 primaryClass = {astro-ph.CO},
       adsurl = {https://ui.adsabs.harvard.edu/abs/2021ApJ...907...32B},
      adsnote = {Provided by the SAO/NASA Astrophysics Data System}
}


@ARTICLE{2021AA...651A.115V,
	author = {{van Weeren}, R.~J. and {Shimwell}, T.~W. and {Botteon}, A. and {Brunetti}, G. and {Br{\"u}ggen}, M. and {Boxelaar}, J.~M. and {Cassano}, R. and {Di Gennaro}, G. and {Andrade-Santos}, F. and {Bonnassieux}, E. and {Bonafede}, A. and {Cuciti}, V. and {Dallacasa}, D. and {de Gasperin}, F. and {Gastaldello}, F. and {Hardcastle}, M.~J. and {Hoeft}, M. and {Kraft}, R.~P. and {Mandal}, S. and {Rossetti}, M. and {R{\"o}ttgering}, H.~J.~A. and {Tasse}, C. and {Wilber}, A.~G.},
	title = "{LOFAR observations of galaxy clusters in HETDEX. Extraction and self-calibration of individual LOFAR targets}",
	journal = {\aap},
	keywords = {galaxies: clusters: general, galaxies: clusters: intracluster medium, large-scale structure of Universe, radiation mechanisms: non-thermal, X-rays: galaxies: clusters, Astrophysics - Cosmology and Nongalactic Astrophysics, Astrophysics - High Energy Astrophysical Phenomena},
	year = 2021,
	month = jul,
	volume = {651},
	eid = {A115},
	pages = {A115},
	doi = {10.1051/0004-6361/202039826},
	archivePrefix = {arXiv},
	eprint = {2011.02387},
	primaryClass = {astro-ph.CO},
	adsurl = {https://ui.adsabs.harvard.edu/abs/2021A&A...651A.115V},
	adsnote = {Provided by the SAO/NASA Astrophysics Data System}
}

@ARTICLE{2021Galax...9..105B,
	author = {{Bonnassieux}, Etienne and {Tremou}, Evangelia and {Girard}, Julien N. and {Loh}, Alan and {Vacca}, Valentina and {Corbel}, St{\'e}phane and {Cecconi}, Baptiste and {Grie{\ss}meier}, Jean-Mathias and {Koopmans}, L{\'e}on V.~E. and {Tagger}, Michel and {Theureau}, Gilles and {Zarka}, Philippe},
	title = "{Pilot Study and Early Results of the Cosmic Filaments and Magnetism Survey with Nenufar: The Coma Cluster Field}",
	journal = {Galaxies},
	year = 2021,
	month = nov,
	volume = {9},
	number = {4},
	pages = {105},
	doi = {10.3390/galaxies9040105},
	adsurl = {https://ui.adsabs.harvard.edu/abs/2021Galax...9..105B},
	adsnote = {Provided by the SAO/NASA Astrophysics Data System}
}

@ARTICLE{2022AA...657A...2R,
	author = {{Rajpurohit}, K. and {Hoeft}, M. and {Wittor}, D. and {van Weeren}, R.~J. and {Vazza}, F. and {Rudnick}, L. and {Rajpurohit}, S. and {Forman}, W.~R. and {Riseley}, C.~J. and {Brienza}, M. and {Bonafede}, A. and {Rajpurohit}, A.~S. and {Dom{\'\i}nguez-Fern{\'a}ndez}, P. and {Eilek}, J. and {Bonnassieux}, E. and {Br{\"u}ggen}, M. and {Loi}, F. and {R{\"o}ttgering}, H.~J.~A. and {Drabent}, A. and {Locatelli}, N. and {Botteon}, A. and {Brunetti}, G. and {Clarke}, T.~E.},
	title = "{Turbulent magnetic fields in the merging galaxy cluster MACS J0717.5+3745}",
	journal = {\aap},
	keywords = {galaxies: clusters: general, radiation mechanisms: non-thermal, polarization, acceleration of particles, magnetic fields, large-scale structure of Universe, Astrophysics - Cosmology and Nongalactic Astrophysics},
	year = 2022,
	month = jan,
	volume = {657},
	eid = {A2},
	pages = {A2},
	doi = {10.1051/0004-6361/202142340},
	archivePrefix = {arXiv},
	eprint = {2109.15237},
	primaryClass = {astro-ph.CO},
	adsurl = {https://ui.adsabs.harvard.edu/abs/2022A&A...657A...2R},
	adsnote = {Provided by the SAO/NASA Astrophysics Data System}
}



@ARTICLE{2021AA...654A..41R,
	author = {{Rajpurohit}, K. and {Vazza}, F. and {van Weeren}, R.~J. and {Hoeft}, M. and {Brienza}, M. and {Bonnassieux}, E. and {Riseley}, C.~J. and {Brunetti}, G. and {Bonafede}, A. and {Br{\"u}ggen}, M. and {Formann}, W.~R. and {Rajpurohit}, A.~S. and {R{\"o}ttgering}, H.~J.~A. and {Drabent}, A. and {Dom{\'\i}nguez-Fern{\'a}ndez}, P. and {Wittor}, D. and {Andrade-Santos}, F.},
	title = "{Dissecting nonthermal emission in the complex multiple-merger galaxy cluster Abell 2744: Radio and X-ray analysis}",
	journal = {\aap},
	keywords = {galaxies: clusters: general, galaxies: star clusters: individual: Abell 2744, acceleration of particles, radiation mechanisms: non-thermal, radiation mechanisms: thermal, radio continuum: general, Astrophysics - Cosmology and Nongalactic Astrophysics},
	year = 2021,
	month = oct,
	volume = {654},
	eid = {A41},
	pages = {A41},
	doi = {10.1051/0004-6361/202141060},
	archivePrefix = {arXiv},
	eprint = {2104.05690},
	primaryClass = {astro-ph.CO},
	adsurl = {https://ui.adsabs.harvard.edu/abs/2021A&A...654A..41R},
	adsnote = {Provided by the SAO/NASA Astrophysics Data System}
}





@ARTICLE{2020AA...642L..13R,
       author = {{Rajpurohit}, K. and {Vazza}, F. and {Hoeft}, M. and {Loi}, F. and {Beck}, R. and {Vacca}, V. and {Kierdorf}, M. and {van Weeren}, R.~J. and {Wittor}, D. and {Govoni}, F. and {Murgia}, M. and {Riseley}, C.~J. and {Locatelli}, N. and {Drabent}, A. and {Bonnassieux}, E.},
        title = "{A perfect power-law spectrum even at the highest frequencies: The Toothbrush relic}",
      journal = {\aap},
     keywords = {globular clusters: individual: 1RXS J0603.3+4213, galaxies: clusters: intracluster medium, acceleration of particles, radiation mechanisms: non-thermal, galaxies: magnetic fields, Astrophysics - Cosmology and Nongalactic Astrophysics},
         year = 2020,
        month = oct,
       volume = {642},
          eid = {L13},
        pages = {L13},
          doi = {10.1051/0004-6361/202039165},
archivePrefix = {arXiv},
       eprint = {2008.02694},
 primaryClass = {astro-ph.CO},
       adsurl = {https://ui.adsabs.harvard.edu/abs/2020A&A...642L..13R},
      adsnote = {Provided by the SAO/NASA Astrophysics Data System}
}

@ARTICLE{2020yCat..36429013R,
       author = {{Rajpurohit}, K. and {Vazza}, F. and {Hoeft}, M. and {Loi}, F. and {Beck}, R. and {Vacca}, V. and {Kierdorf}, M. and {van Weeren}, R.~J. and {Wittor}, D. and {Govoni}, F. and {Murgia}, M. and {Riseley}, C.~J. and {Locatelli}, N. and {Drabent}, A. and {Bonnassieux}, E.},
        title = "{VizieR Online Data Catalog: The Toothbrush relic 14.25GHz image (Rajpurohit+, 2020)}",
      journal = {VizieR Online Data Catalog},
     keywords = {Clusters: galaxy, Radio sources},
         year = 2020,
        month = sep,
          eid = {J/A+A/642/L13},
        pages = {J/A+A/642/L13},
       adsurl = {https://ui.adsabs.harvard.edu/abs/2020yCat..36429013R},
      adsnote = {Provided by the SAO/NASA Astrophysics Data System}
}

@ARTICLE{2020AA...637A..51B,
       author = {{Bonnassieux}, Etienne and {Edge}, Alastair and {Morabito}, Leah and {Bonafede}, Annalisa},
        title = "{Decoherence in LOFAR-VLBI beamforming}",
      journal = {\aap},
     keywords = {techniques: high angular resolution, techniques: interferometric, methods: analytical, methods: observational, methods: data analysis, Astrophysics - Instrumentation and Methods for Astrophysics},
         year = 2020,
        month = may,
       volume = {637},
          eid = {A51},
        pages = {A51},
          doi = {10.1051/0004-6361/202037486},
archivePrefix = {arXiv},
       eprint = {2003.06273},
 primaryClass = {astro-ph.IM},
       adsurl = {https://ui.adsabs.harvard.edu/abs/2020A&A...637A..51B},
      adsnote = {Provided by the SAO/NASA Astrophysics Data System}
}

@ARTICLE{2020A&A...636A..30R,
       author = {{Rajpurohit}, K. and {Hoeft}, M. and {Vazza}, F. and {Rudnick}, L. and {van Weeren}, R.~J. and {Wittor}, D. and {Drabent}, A. and {Brienza}, M. and {Bonnassieux}, E. and {Locatelli}, N. and {Kale}, R. and {Dumba}, C.},
        title = "{New mysteries and challenges from the Toothbrush relic: wideband observations from 550 MHz to 8 GHz}",
      journal = {\aap},
     keywords = {galaxies: clusters: individual: 1RXS J0603.3+4214, galaxies: clusters: intracluster medium, large-scale structure of Universe, acceleration of particles, radiation mechanisms: non-thermal, shock waves, Astrophysics - High Energy Astrophysical Phenomena},
         year = 2020,
        month = apr,
       volume = {636},
          eid = {A30},
        pages = {A30},
          doi = {10.1051/0004-6361/201937139},
archivePrefix = {arXiv},
       eprint = {1911.08904},
 primaryClass = {astro-ph.HE},
       adsurl = {https://ui.adsabs.harvard.edu/abs/2020A&A...636A..30R},
      adsnote = {Provided by the SAO/NASA Astrophysics Data System}
}

@ARTICLE{2019yCat..36220001S,
       author = {{Shimwell}, T.~W. and {Tasse}, C. and {Hardcastle}, M.~J. and {Mechev}, A.~P. and {Williams}, W.~L. and {Best}, P.~N. and {Rottgering}, H.~J.~A. and {Callingham}, J.~R. and {Dijkema}, T.~J. and {de Gasperin}, F. and {Hoang}, D.~N. and {Hugo}, B. and {Mirmont}, M. and {Oonk}, J.~B.~R. and {Prandoni}, I. and {Rafferty}, D. and {Sabater}, J. and {Smirnov}, O. and {van Weeren}, R.~J. and {White}, G.~J. and {Atemkeng}, M. and {Bester}, L. and {Bonnassieux}, E. and {Bruggen}, M. and {Brunetti}, G. and {Chyzy}, K.~T. and {Cochrane}, R. and {Conway}, J.~E. and {Croston}, J.~H. and {Danezi}, A. and {Duncan}, K. and {Haverkorn}, M. and {Heald}, G.~H. and {Iacobelli}, M. and {Intema}, H.~T. and {Jackson}, N. and {Jamrozy}, M. and {Jarvis}, M.~J. and {Lakhoo}, R. and {Mevius}, M. and {Miley}, G.~K. and {Morabito}, L. and {Morganti}, R. and {Nisbet}, D. and {Orru}, E. and {Perkins}, S. and {Pizzo}, R.~F. and {Schrijvers}, C. and {Smith}, D.~J.~B. and {Vermeulen}, R. and {Wise}, M.~W. and {Alegre}, L. and {Bacon}, D.~J. and {van Bemmel}, I.~M. and {Beswick}, R.~J. and {Bonafede}, A. and {Botteon}, A. and {Bourke}, S. and {Brienza}, M. and {Calistro Rivera}, G. and {Cassano}, R. and {Clarke}, A.~O. and {Conselice}, C.~J. and {Dettmar}, R.~J. and {Drabent}, A. and {Dumba}, C. and {Emig}, K.~L. and {Ensslin}, T.~A. and {Ferrari}, C. and {Garrett}, M.~A. and {Genova-Santos}, R.~T. and {Goyal}, A. and {Gurkan}, G. and {Hale}, C. and {Harwood}, J.~J. and {Heesen}, V. and {Hoeft}, M. and {Orellou}, C.~H. and {Jackson}, C. and {Kokotanekov}, G. and {Kondapally}, R. and {Kunert-Bajraszewska}, M. and {Mahatma}, V. and {Mahony}, E.~K. and {Mandal}, S. and {McKean}, J.~P. and {Merloni}, A. and {Mingo}, B. and {Miskolczi}, A. and {Mooney}, S. and {Nikiel-Wroczynski}, B. and {O'Sullivan}, S.~P. and {Quinn}, J. and {Reich}, W. and {Roskowinski}, C. and {Rowlinson}, A. and {Savini}, F. and {Saxena}, A. and {Schwarz}, D.~J. and {Shulevski}, A. and {Sridhar}, S.~S. and {Stacey}, H.~R. and {Urquhart}, S. and {van der Wiel}, M.~H.~D. and {Varenius}, E. and {Webster}, B. and {Wilber}, A.},
        title = "{VizieR Online Data Catalog: LOFAR Two-metre Sky Survey DR1 source catalog (Shimwell+, 2019)}",
      journal = {VizieR Online Data Catalog},
     keywords = {Surveys, Radio sources},
         year = 2019,
        month = jun,
          eid = {J/A+A/622/A1},
        pages = {J/A+A/622/A1},
       adsurl = {https://ui.adsabs.harvard.edu/abs/2019yCat..36220001S},
      adsnote = {Provided by the SAO/NASA Astrophysics Data System}
}

@ARTICLE{2019AA...622A...1S,
       author = {{Shimwell}, T.~W. and {Tasse}, C. and {Hardcastle}, M.~J. and {Mechev}, A.~P. and {Williams}, W.~L. and {Best}, P.~N. and {R{\"o}ttgering}, H.~J.~A. and {Callingham}, J.~R. and {Dijkema}, T.~J. and {de Gasperin}, F. and {Hoang}, D.~N. and {Hugo}, B. and {Mirmont}, M. and {Oonk}, J.~B.~R. and {Prandoni}, I. and {Rafferty}, D. and {Sabater}, J. and {Smirnov}, O. and {van Weeren}, R.~J. and {White}, G.~J. and {Atemkeng}, M. and {Bester}, L. and {Bonnassieux}, E. and {Br{\"u}ggen}, M. and {Brunetti}, G. and {Chy{\.z}y}, K.~T. and {Cochrane}, R. and {Conway}, J.~E. and {Croston}, J.~H. and {Danezi}, A. and {Duncan}, K. and {Haverkorn}, M. and {Heald}, G.~H. and {Iacobelli}, M. and {Intema}, H.~T. and {Jackson}, N. and {Jamrozy}, M. and {Jarvis}, M.~J. and {Lakhoo}, R. and {Mevius}, M. and {Miley}, G.~K. and {Morabito}, L. and {Morganti}, R. and {Nisbet}, D. and {Orr{\'u}}, E. and {Perkins}, S. and {Pizzo}, R.~F. and {Schrijvers}, C. and {Smith}, D.~J.~B. and {Vermeulen}, R. and {Wise}, M.~W. and {Alegre}, L. and {Bacon}, D.~J. and {van Bemmel}, I.~M. and {Beswick}, R.~J. and {Bonafede}, A. and {Botteon}, A. and {Bourke}, S. and {Brienza}, M. and {Calistro Rivera}, G. and {Cassano}, R. and {Clarke}, A.~O. and {Conselice}, C.~J. and {Dettmar}, R.~J. and {Drabent}, A. and {Dumba}, C. and {Emig}, K.~L. and {En{\ss}lin}, T.~A. and {Ferrari}, C. and {Garrett}, M.~A. and {G{\'e}nova-Santos}, R.~T. and {Goyal}, A. and {G{\"u}rkan}, G. and {Hale}, C. and {Harwood}, J.~J. and {Heesen}, V. and {Hoeft}, M. and {Horellou}, C. and {Jackson}, C. and {Kokotanekov}, G. and {Kondapally}, R. and {Kunert-Bajraszewska}, M. and {Mahatma}, V. and {Mahony}, E.~K. and {Mandal}, S. and {McKean}, J.~P. and {Merloni}, A. and {Mingo}, B. and {Miskolczi}, A. and {Mooney}, S. and {Nikiel-Wroczy{\'n}ski}, B. and {O'Sullivan}, S.~P. and {Quinn}, J. and {Reich}, W. and {Roskowi{\'n}ski}, C. and {Rowlinson}, A. and {Savini}, F. and {Saxena}, A. and {Schwarz}, D.~J. and {Shulevski}, A. and {Sridhar}, S.~S. and {Stacey}, H.~R. and {Urquhart}, S. and {van der Wiel}, M.~H.~D. and {Varenius}, E. and {Webster}, B. and {Wilber}, A.},
        title = "{The LOFAR Two-metre Sky Survey. II. First data release}",
      journal = {\aap},
     keywords = {surveys, catalogs, radio continuum: general, techniques: image processing, Astrophysics - Astrophysics of Galaxies, Astrophysics - Cosmology and Nongalactic Astrophysics, Astrophysics - High Energy Astrophysical Phenomena, Astrophysics - Instrumentation and Methods for Astrophysics},
         year = 2019,
        month = feb,
       volume = {622},
          eid = {A1},
        pages = {A1},
          doi = {10.1051/0004-6361/201833559},
archivePrefix = {arXiv},
       eprint = {1811.07926},
 primaryClass = {astro-ph.GA},
       adsurl = {https://ui.adsabs.harvard.edu/abs/2019A&A...622A...1S},
      adsnote = {Provided by the SAO/NASA Astrophysics Data System}
}

@ARTICLE{2018AA...615A..66B,
       author = {{Bonnassieux}, Etienne and {Tasse}, Cyril and {Smirnov}, Oleg and {Zarka}, Philippe},
        title = "{The variance of radio interferometric calibration solutions. Quality-based weighting schemes}",
      journal = {\aap},
     keywords = {instrumentation: interferometers, instrumentation: adaptive optics, methods: analytical, methods: statistical, techniques: interferometric, radio continuum: general, Astrophysics - Instrumentation and Methods for Astrophysics, Statistics - Applications},
         year = 2018,
        month = jul,
       volume = {615},
          eid = {A66},
        pages = {A66},
          doi = {10.1051/0004-6361/201732190},
archivePrefix = {arXiv},
       eprint = {1711.00421},
 primaryClass = {astro-ph.IM},
       adsurl = {https://ui.adsabs.harvard.edu/abs/2018A&A...615A..66B},
      adsnote = {Provided by the SAO/NASA Astrophysics Data System}
}

@ARTICLE{2021AA...650A.170B,
	author = {{Biava}, Nadia and {Brienza}, Marisa and {Bonafede}, Annalisa and {Gitti}, Myriam and {Bonnassieux}, Etienne and {Harwood}, Jeremy and {Edge}, Alastair C. and {Riseley}, Christopher J. and {Vantyghem}, Adrian},
	title = "{Constraining the AGN duty cycle in the cool-core cluster MS 0735.6+7421 with LOFAR data}",
	journal = {\aap},
	keywords = {radio continuum: galaxies, galaxies: jets, galaxies: clusters: individual: MS 0735.6+7421, Astrophysics - High Energy Astrophysical Phenomena, Astrophysics - Astrophysics of Galaxies},
	year = 2021,
	month = jun,
	volume = {650},
	eid = {A170},
	pages = {A170},
	doi = {10.1051/0004-6361/202040063},
	archivePrefix = {arXiv},
	eprint = {2104.08294},
	primaryClass = {astro-ph.HE},
	adsurl = {https://ui.adsabs.harvard.edu/abs/2021A&A...650A.170B},
	adsnote = {Provided by the SAO/NASA Astrophysics Data System}
}

@ARTICLE{2022arXiv220111526T,
	author = {{Taffoni}, Giuliano and {Becciani}, Ugo and {Bonafede}, Annalisa and {Bonnassieux}, Etienne and {Brunetti}, Gianfranco and {Brienza}, Marisa and {Gheller}, Claudio and {Russo}, Stefano A. and {Vitello}, Fabio},
	title = "{A distributed computing infrastructure for LOFAR Italian community}",
	journal = {arXiv e-prints},
	keywords = {Astrophysics - Instrumentation and Methods for Astrophysics, Computer Science - Distributed, Parallel, and Cluster Computing},
	year = 2022,
	month = jan,
	eid = {arXiv:2201.11526},
	pages = {arXiv:2201.11526},
	archivePrefix = {arXiv},
	eprint = {2201.11526},
	primaryClass = {astro-ph.IM},
	adsurl = {https://ui.adsabs.harvard.edu/abs/2022arXiv220111526T},
	adsnote = {Provided by the SAO/NASA Astrophysics Data System}
}

@ARTICLE{2022AA...658A...1M,
	author = {{Morabito}, L.~K. and {Jackson}, N.~J. and {Mooney}, S. and {Sweijen}, F. and {Badole}, S. and {Kukreti}, P. and {Venkattu}, D. and {Groeneveld}, C. and {Kappes}, A. and {Bonnassieux}, E. and {Drabent}, A. and {Iacobelli}, M. and {Croston}, J.~H. and {Best}, P.~N. and {Bondi}, M. and {Callingham}, J.~R. and {Conway}, J.~E. and {Deller}, A.~T. and {Hardcastle}, M.~J. and {McKean}, J.~P. and {Miley}, G.~K. and {Moldon}, J. and {R{\"o}ttgering}, H.~J.~A. and {Tasse}, C. and {Shimwell}, T.~W. and {van Weeren}, R.~J. and {Anderson}, J.~M. and {Asgekar}, A. and {Avruch}, I.~M. and {van Bemmel}, I.~M. and {Bentum}, M.~J. and {Bonafede}, A. and {Brouw}, W.~N. and {Butcher}, H.~R. and {Ciardi}, B. and {Corstanje}, A. and {Coolen}, A. and {Damstra}, S. and {de Gasperin}, F. and {Duscha}, S. and {Eisl{\"o}ffel}, J. and {Engels}, D. and {Falcke}, H. and {Garrett}, M.~A. and {Griessmeier}, J. and {Gunst}, A.~W. and {van Haarlem}, M.~P. and {Hoeft}, M. and {van der Horst}, A.~J. and {J{\"u}tte}, E. and {Kadler}, M. and {Koopmans}, L.~V.~E. and {Krankowski}, A. and {Mann}, G. and {Nelles}, A. and {Oonk}, J.~B.~R. and {Orru}, E. and {Paas}, H. and {Pandey}, V.~N. and {Pizzo}, R.~F. and {Pandey-Pommier}, M. and {Reich}, W. and {Rothkaehl}, H. and {Ruiter}, M. and {Schwarz}, D.~J. and {Shulevski}, A. and {Soida}, M. and {Tagger}, M. and {Vocks}, C. and {Wijers}, R.~A.~M.~J. and {Wijnholds}, S.~J. and {Wucknitz}, O. and {Zarka}, P. and {Zucca}, P.},
	title = "{Sub-arcsecond imaging with the International LOFAR Telescope. I. Foundational calibration strategy and pipeline}",
	journal = {\aap},
	keywords = {techniques: high angular resolution, radiation mechanisms: non-thermal, galaxies: active, galaxies: jets, Astrophysics - Instrumentation and Methods for Astrophysics, Astrophysics - Astrophysics of Galaxies},
	year = 2022,
	month = feb,
	volume = {658},
	eid = {A1},
	pages = {A1},
	doi = {10.1051/0004-6361/202140649},
	archivePrefix = {arXiv},
	eprint = {2108.07283},
	primaryClass = {astro-ph.IM},
	adsurl = {https://ui.adsabs.harvard.edu/abs/2022A&A...658A...1M},
	adsnote = {Provided by the SAO/NASA Astrophysics Data System}
}

@ARTICLE{2022AA...658A...8H,
	author = {{Harwood}, J.~J. and {Mooney}, S. and {Morabito}, L.~K. and {Quinn}, J. and {Sweijen}, F. and {Groeneveld}, C. and {Bonnassieux}, E. and {Kappes}, A. and {Moldon}, J.},
	title = "{The resolved jet of 3C 273 at 150 MHz. Sub-arcsecond imaging with the LOFAR international baselines}",
	journal = {\aap},
	keywords = {galaxies: active, galaxies: jets, galaxies: clusters: individual: 3C 273, radiation mechanisms: non-thermal, radio continuum: galaxies},
	year = 2022,
	month = feb,
	volume = {658},
	eid = {A8},
	pages = {A8},
	doi = {10.1051/0004-6361/202141579},
	adsurl = {https://ui.adsabs.harvard.edu/abs/2022A&A...658A...8H},
	adsnote = {Provided by the SAO/NASA Astrophysics Data System}
}



@ARTICLE{2022AA...659A...1S,
	author = {{Shimwell}, T.~W. and {Hardcastle}, M.~J. and {Tasse}, C. and {Best}, P.~N. and {R{\"o}ttgering}, H.~J.~A. and {Williams}, W.~L. and {Botteon}, A. and {Drabent}, A. and {Mechev}, A. and {Shulevski}, A. and {van Weeren}, R.~J. and {Bester}, L. and {Br{\"u}ggen}, M. and {Brunetti}, G. and {Callingham}, J.~R. and {Chy{\.z}y}, K.~T. and {Conway}, J.~E. and {Dijkema}, T.~J. and {Duncan}, K. and {de Gasperin}, F. and {Hale}, C.~L. and {Haverkorn}, M. and {Hugo}, B. and {Jackson}, N. and {Mevius}, M. and {Miley}, G.~K. and {Morabito}, L.~K. and {Morganti}, R. and {Offringa}, A. and {Oonk}, J.~B.~R. and {Rafferty}, D. and {Sabater}, J. and {Smith}, D.~J.~B. and {Schwarz}, D.~J. and {Smirnov}, O. and {O'Sullivan}, S.~P. and {Vedantham}, H. and {White}, G.~J. and {Albert}, J.~G. and {Alegre}, L. and {Asabere}, B. and {Bacon}, D.~J. and {Bonafede}, A. and {Bonnassieux}, E. and {Brienza}, M. and {Bilicki}, M. and {Bonato}, M. and {Calistro Rivera}, G. and {Cassano}, R. and {Cochrane}, R. and {Croston}, J.~H. and {Cuciti}, V. and {Dallacasa}, D. and {Danezi}, A. and {Dettmar}, R.~J. and {Di Gennaro}, G. and {Edler}, H.~W. and {En{\ss}lin}, T.~A. and {Emig}, K.~L. and {Franzen}, T.~M.~O. and {Garc{\'\i}a-Vergara}, C. and {Grange}, Y.~G. and {G{\"u}rkan}, G. and {Hajduk}, M. and {Heald}, G. and {Heesen}, V. and {Hoang}, D.~N. and {Hoeft}, M. and {Horellou}, C. and {Iacobelli}, M. and {Jamrozy}, M. and {Jeli{\'c}}, V. and {Kondapally}, R. and {Kukreti}, P. and {Kunert-Bajraszewska}, M. and {Magliocchetti}, M. and {Mahatma}, V. and {Ma{\l}ek}, K. and {Mandal}, S. and {Massaro}, F. and {Meyer-Zhao}, Z. and {Mingo}, B. and {Mostert}, R.~I.~J. and {Nair}, D.~G. and {Nakoneczny}, S.~J. and {Nikiel-Wroczy{\'n}ski}, B. and {Orr{\'u}}, E. and {Pajdosz-{\'S}mierciak}, U. and {Pasini}, T. and {Prandoni}, I. and {van Piggelen}, H.~E. and {Rajpurohit}, K. and {Retana-Montenegro}, E. and {Riseley}, C.~J. and {Rowlinson}, A. and {Saxena}, A. and {Schrijvers}, C. and {Sweijen}, F. and {Siewert}, T.~M. and {Timmerman}, R. and {Vaccari}, M. and {Vink}, J. and {West}, J.~L. and {Wo{\l}owska}, A. and {Zhang}, X. and {Zheng}, J.},
	title = "{The LOFAR Two-metre Sky Survey. V. Second data release}",
	journal = {\aap},
	keywords = {surveys, catalogs, radio continuum: general, techniques: image processing, Astrophysics - Astrophysics of Galaxies, Astrophysics - Cosmology and Nongalactic Astrophysics, Astrophysics - High Energy Astrophysical Phenomena, Astrophysics - Instrumentation and Methods for Astrophysics},
	year = 2022,
	month = mar,
	volume = {659},
	eid = {A1},
	pages = {A1},
	doi = {10.1051/0004-6361/202142484},
	archivePrefix = {arXiv},
	eprint = {2202.11733},
	primaryClass = {astro-ph.GA},
	adsurl = {https://ui.adsabs.harvard.edu/abs/2022A&A...659A...1S},
	adsnote = {Provided by the SAO/NASA Astrophysics Data System}
}


@ARTICLE{2022ApJ...927...80R,
	author = {{Rajpurohit}, K. and {van Weeren}, R.~J. and {Hoeft}, M. and {Vazza}, F. and {Brienza}, M. and {Forman}, W. and {Wittor}, D. and {Dom{\'\i}nguez-Fern{\'a}ndez}, P. and {Rajpurohit}, S. and {Riseley}, C.~J. and {Botteon}, A. and {Osinga}, E. and {Brunetti}, G. and {Bonnassieux}, E. and {Bonafede}, A. and {Rajpurohit}, A.~S. and {Stuardi}, C. and {Drabent}, A. and {Br{\"u}ggen}, M. and {Dallacasa}, D. and {Shimwell}, T.~W. and {R{\"o}ttgering}, H.~J.~A. and {Gasperin}, F. de and {Miley}, G.~K. and {Rossetti}, M.},
	title = "{Deep Low-frequency Radio Observations of A2256. I. The Filamentary Radio Relic}",
	journal = {\apj},
	keywords = {Galaxy clusters, Intracluster medium, Radio continuum emission, Large-scale structure of the universe, 584, 858, 1340, 902, Astrophysics - Cosmology and Nongalactic Astrophysics},
	year = 2022,
	month = mar,
	volume = {927},
	number = {1},
	eid = {80},
	pages = {80},
	doi = {10.3847/1538-4357/ac4708},
	archivePrefix = {arXiv},
	eprint = {2111.04449},
	primaryClass = {astro-ph.CO},
	adsurl = {https://ui.adsabs.harvard.edu/abs/2022ApJ...927...80R},
	adsnote = {Provided by the SAO/NASA Astrophysics Data System}
}

@ARTICLE{2022MNRAS.511.3389V,
	author = {{Vacca}, Valentina and {Shimwell}, Timothy and {Perley}, Richard A. and {Govoni}, Federica and {Murgia}, Matteo and {Feretti}, Luigina and {Giovannini}, Gabriele and {Loi}, Francesca and {Carretti}, Ettore and {Cova}, Filippo and {Gastaldello}, Fabio and {Girardi}, Marisa and {En{\ss}lin}, Torsten and {Akamatsu}, Hiroki and {Bonafede}, Annalisa and {Bonnassieux}, Etienne and {Boschin}, Walter and {Botteon}, Andrea and {Brunetti}, Gianfranco and {Br{\"u}ggen}, Marcus and {Finoguenov}, Alexis and {Hoang}, Duy and {Iacobelli}, Marco and {Orr{\'u}}, Emanuela and {Paladino}, Rosita and {R{\"o}ttgering}, Huub and {van Weeren}, Reinout and {Vitello}, Fabio and {Wittor}, Denis},
	title = "{Spectral study of the diffuse synchrotron source in the galaxy cluster Abell 523}",
	journal = {\mnras},
	keywords = {acceleration of particles, magnetic fields, galaxies: clusters: intracluster medium, cosmology: observations, large-scale structure of Universe, Astrophysics - Cosmology and Nongalactic Astrophysics},
	year = 2022,
	month = apr,
	volume = {511},
	number = {3},
	pages = {3389-3407},
	doi = {10.1093/mnras/stac287},
	archivePrefix = {arXiv},
	eprint = {2201.12207},
	primaryClass = {astro-ph.CO},
	adsurl = {https://ui.adsabs.harvard.edu/abs/2022MNRAS.511.3389V},
	adsnote = {Provided by the SAO/NASA Astrophysics Data System}
}

@ARTICLE{2022AA...661A..92B,
	author = {{Brienza}, M. and {Lovisari}, L. and {Rajpurohit}, K. and {Bonafede}, A. and {Gastaldello}, F. and {Murgia}, M. and {Vazza}, F. and {Bonnassieux}, E. and {Botteon}, A. and {Brunetti}, G. and {Drabent}, A. and {Hardcastle}, M.~J. and {Pasini}, T. and {Riseley}, C.~J. and {R{\"o}ttgering}, H.~J.~A. and {Shimwell}, T. and {Simionescu}, A. and {van Weeren}, R.~J.},
	title = "{The galaxy group NGC 507: Newly detected AGN remnant plasma transported by sloshing}",
	journal = {\aap},
	keywords = {galaxies: active, galaxies: groups: individual: NGC 507, galaxies: clusters: intracluster medium, galaxies: jets, galaxies: interactions, Astrophysics - Astrophysics of Galaxies, Astrophysics - High Energy Astrophysical Phenomena},
	year = 2022,
	month = may,
	volume = {661},
	eid = {A92},
	pages = {A92},
	doi = {10.1051/0004-6361/202142579},
	archivePrefix = {arXiv},
	eprint = {2201.04591},
	primaryClass = {astro-ph.GA},
	adsurl = {https://ui.adsabs.harvard.edu/abs/2022A&A...661A..92B},
	adsnote = {Provided by the SAO/NASA Astrophysics Data System}
}

@ARTICLE{2022MNRAS.512.4210R,
	author = {{Riseley}, C.~J. and {Rajpurohit}, K. and {Loi}, F. and {Botteon}, A. and {Timmerman}, R. and {Biava}, N. and {Bonafede}, A. and {Bonnassieux}, E. and {Brunetti}, G. and {En{\ss}lin}, T. and {Di Gennaro}, G. and {Ignesti}, A. and {Shimwell}, T. and {Stuardi}, C. and {Vernstrom}, T. and {van Weeren}, R.~J.},
	title = "{A MeerKAT-meets-LOFAR study of MS 1455.0 + 2232: a 590 kiloparsec 'mini'-halo in a sloshing cool-core cluster}",
	journal = {\mnras},
	keywords = {galaxies: clusters: general, galaxies: clusters: individual: MS 1455.0+2232, galaxies: clusters: intracluster medium, radio continuum: general, X-rays: galaxies: clusters, Astrophysics - High Energy Astrophysical Phenomena},
	year = 2022,
	month = may,
	volume = {512},
	number = {3},
	pages = {4210-4230},
	doi = {10.1093/mnras/stac672},
	archivePrefix = {arXiv},
	eprint = {2112.07364},
	primaryClass = {astro-ph.HE},
	adsurl = {https://ui.adsabs.harvard.edu/abs/2022MNRAS.512.4210R},
	adsnote = {Provided by the SAO/NASA Astrophysics Data System}
}


@ARTICLE{2022AA...663A..44K,
	author = {{Kappes}, A. and {Burd}, P.~R. and {Kadler}, M. and {Ghisellini}, G. and {Bonnassieux}, E. and {Perucho}, M. and {Br{\"u}ggen}, M. and {Cheung}, C.~C. and {Ciardi}, B. and {Gallo}, E. and {Haardt}, F. and {Morabito}, L.~K. and {Sbarrato}, T. and {Drabent}, A. and {Harwood}, J. and {Jackson}, N. and {Moldon}, J.},
	title = "{Subarcsecond view on the high-redshift blazar GB 1508+5714 by the International LOFAR Telescope}",
	journal = {\aap},
	keywords = {galaxies: active, galaxies: jets, galaxies: individual: GB 1508+5714, radio continuum: galaxies, techniques: high angular resolution, techniques: interferometric, Astrophysics - High Energy Astrophysical Phenomena, Astrophysics - Cosmology and Nongalactic Astrophysics, Astrophysics - Astrophysics of Galaxies, 85-02},
	year = 2022,
	month = jul,
	volume = {663},
	eid = {A44},
	pages = {A44},
	doi = {10.1051/0004-6361/202141720},
	archivePrefix = {arXiv},
	eprint = {2205.11288},
	primaryClass = {astro-ph.HE},
	adsurl = {https://ui.adsabs.harvard.edu/abs/2022A&A...663A..44K},
	adsnote = {Provided by the SAO/NASA Astrophysics Data System}
}

@ARTICLE{2022ApJ...933..218B,
	author = {{Bonafede}, A. and {Brunetti}, G. and {Rudnick}, L. and {Vazza}, F. and {Bourdin}, H. and {Giovannini}, G. and {Shimwell}, T.~W. and {Zhang}, X. and {Mazzotta}, P. and {Simionescu}, A. and {Biava}, N. and {Bonnassieux}, E. and {Brienza}, M. and {Br{\"u}ggen}, M. and {Rajpurohit}, K. and {Riseley}, C.~J. and {Stuardi}, C. and {Feretti}, L. and {Tasse}, C. and {Botteon}, A. and {Carretti}, E. and {Cassano}, R. and {Cuciti}, V. and {Gasperin}, F. de and {Gastaldello}, F. and {Rossetti}, M. and {Rottgering}, H.~J.~A. and {Venturi}, T. and {Weeren}, R.~J. van},
	title = "{The Coma Cluster at LOFAR Frequencies. II. The Halo, Relic, and a New Accretion Relic}",
	journal = {\apj},
	keywords = {Galaxy clusters, Non-thermal radiation sources, Extragalactic radio sources, Intracluster medium, 584, 1119, 508, 858, Astrophysics - High Energy Astrophysical Phenomena, Astrophysics - Cosmology and Nongalactic Astrophysics},
	year = 2022,
	month = jul,
	volume = {933},
	number = {2},
	eid = {218},
	pages = {218},
	doi = {10.3847/1538-4357/ac721d},
	archivePrefix = {arXiv},
	eprint = {2203.01958},
	primaryClass = {astro-ph.HE},
	adsurl = {https://ui.adsabs.harvard.edu/abs/2022ApJ...933..218B},
	adsnote = {Provided by the SAO/NASA Astrophysics Data System}
}

@ARTICLE{2022AA...665A..60H,
	author = {{Hoang}, D.~N. and {Br{\"u}ggen}, M. and {Botteon}, A. and {Shimwell}, T.~W. and {Zhang}, X. and {Bonafede}, A. and {Bruno}, L. and {Bonnassieux}, E. and {Cassano}, R. and {Cuciti}, V. and {Drabent}, A. and {de Gasperin}, F. and {Gastaldello}, F. and {Di Gennaro}, G. and {Hoeft}, M. and {Jones}, A. and {Pignataro}, G.~V. and {R{\"o}ttgering}, H.~J.~A. and {Simionescu}, A. and {van Weeren}, R.~J.},
	title = "{Diffuse radio emission from non-Planck galaxy clusters in the LoTSS-DR2 fields}",
	journal = {\aap},
	keywords = {galaxies: clusters: general, galaxies: clusters: intracluster medium, large-scale structure of Universe, radiation mechanisms: non-thermal, X-rays: galaxies: clusters, Astrophysics - Cosmology and Nongalactic Astrophysics, Astrophysics - High Energy Astrophysical Phenomena},
	year = 2022,
	month = sep,
	volume = {665},
	eid = {A60},
	pages = {A60},
	doi = {10.1051/0004-6361/202243105},
	archivePrefix = {arXiv},
	eprint = {2206.04666},
	primaryClass = {astro-ph.CO},
	adsurl = {https://ui.adsabs.harvard.edu/abs/2022A&A...665A..60H},
	adsnote = {Provided by the SAO/NASA Astrophysics Data System}
}

@ARTICLE{2022MNRAS.515.1871R,
	author = {{Riseley}, C.~J. and {Bonnassieux}, E. and {Vernstrom}, T. and {Galvin}, T.~J. and {Chokshi}, A. and {Botteon}, A. and {Rajpurohit}, K. and {Duchesne}, S.~W. and {Bonafede}, A. and {Rudnick}, L. and {Hoeft}, M. and {Quici}, B. and {Eckert}, D. and {Brienza}, M. and {Tasse}, C. and {Carretti}, E. and {Collier}, J.~D. and {Diego}, J.~M. and {Di Mascolo}, L. and {Hopkins}, A.~M. and {Johnston-Hollitt}, M. and {Keel}, R.~R. and {Koribalski}, B.~S. and {Reiprich}, T.~H.},
	title = "{Radio fossils, relics, and haloes in Abell 3266: cluster archaeology with ASKAP-EMU and the ATCA}",
	journal = {\mnras},
	keywords = {galaxies: clusters: general, galaxies: clusters: individual: Abell 3266, galaxies: clusters: intracluster medium, X-rays: galaxies: clusters, Astrophysics - Astrophysics of Galaxies, Astrophysics - Cosmology and Nongalactic Astrophysics},
	year = 2022,
	month = sep,
	volume = {515},
	number = {2},
	pages = {1871-1896},
	doi = {10.1093/mnras/stac1771},
	archivePrefix = {arXiv},
	eprint = {2208.00395},
	primaryClass = {astro-ph.GA},
	adsurl = {https://ui.adsabs.harvard.edu/abs/2022MNRAS.515.1871R},
	adsnote = {Provided by the SAO/NASA Astrophysics Data System}
}


@ARTICLE{2023AA...669A...1R,
	author = {{Rajpurohit}, K. and {Osinga}, E. and {Brienza}, M. and {Botteon}, A. and {Brunetti}, G. and {Forman}, W.~R. and {Riseley}, C.~J. and {Vazza}, F. and {Bonafede}, A. and {van Weeren}, R.~J. and {Br{\"u}ggen}, M. and {Rajpurohit}, S. and {Drabent}, A. and {Dallacasa}, D. and {Rossetti}, M. and {Rajpurohit}, A.~S. and {Hoeft}, M. and {Bonnassieux}, E. and {Cassano}, R. and {Miley}, G.~K.},
	title = "{Deep low-frequency radio observations of Abell 2256. II. The ultra-steep spectrum radio halo}",
	journal = {\aap},
	keywords = {galaxies: clusters: individual: Abell 2256, galaxies: clusters: intracluster medium, acceleration of particles, radiation mechanisms: non-thermal, large-scale structure of Universe, turbulence},
	year = 2023,
	month = jan,
	volume = {669},
	eid = {A1},
	pages = {A1},
	doi = {10.1051/0004-6361/202244925},
	adsurl = {https://ui.adsabs.harvard.edu/abs/2023A&A...669A...1R},
	adsnote = {Provided by the SAO/NASA Astrophysics Data System}
}






